<?xml version="1.0" encoding="UTF-8"?><collection xmlns="http://www.loc.gov/MARC21/slim"><record><leader>00349nam--2200133-i-4500</leader><controlfield tag="001">000023486</controlfield><controlfield tag="002">20161230</controlfield><controlfield tag="005">20161230201035</controlfield><controlfield tag="008">060222s1000------------r-----000-0-eng-d</controlfield><datafield ind1=" " ind2=" " tag="080"><subfield code="a">621.38.049</subfield></datafield><datafield ind1=" " ind2=" " tag="100"><subfield code="a">Hibberd, R.G</subfield></datafield><datafield ind1=" " ind2=" " tag="245"><subfield code="a">Basic principles of integrated circuits</subfield></datafield><datafield ind1=" " ind2=" " tag="260"><subfield code="a">New York, Philosophical Library Inc., 1972, 274 P</subfield></datafield><datafield ind1=" " ind2=" " tag="852"><subfield code="a">42027</subfield></datafield></record></collection>